@online{reflabel,
url={https://www.wikipedia.org/}, %let's be honest we all do it
urldate={2019-06-19}, %should always include urldate when citing websites
title={Wikipedia, the free encyclopedia},
author={Wikipedia},
organization={Wikimedia Foundation}, %optional
year={2019},
}